%%%%%%%%%%%%%%%%%%%%%%%%%%%%%%%%%%%%%%%%%%%%%%%%%%%%%%%%%%%%%%%%%%%%%%%%%%%%%%%%
% 
% ARTICLE


@article{futureC2,
author = {Alberts, David},
pages = {26},
title = {{The Future of C2: Agility, Focus and Convergence}},
year = {2007}
}


@article{repast,
author = {Abar, Sameera and Theodoropoulos, Georgios and Lemarinier, Pierre and O'Hare, Gregory},
doi = {10.1016/j.cosrev.2017.03.001},
journal = {Computer Science Review},
title = {{Agent Based Modelling and Simulation tools: A review of the state-of-art software}},
year = {2017}
}


@article{evaluating,
author = {Tran, Huy and Domercant, Jean and Mavris, Dimitri},
doi = {10.1177/1548512915592517},
file = {:C$\backslash$:/Users/dudul/OneDrive/Documentos/Semester7/TES/Articles/Tran, Domercant, Mavris - 2015 - Evaluating the agility of adaptive command and control networks from a cyber complex adaptive systems p-annotated.pdf:pdf},
journal = {The Journal of Defense Modeling and Simulation: Applications, Methodology, Technology},
title = {{Evaluating the agility of adaptive command and control networks from a cyber complex adaptive systems perspective}},
volume = {12},
year = {2015}
}

@article{modelingAgentOrganizationsUsingRoles,
author = {Odell, James and Parunak, Van and Fleischer, Mitchell},
doi = {10.1007/s10270-003-0017-y},
journal = {Software and Systems Modeling},
pages = {76--81},
title = {{Modeling agent organizations using roles}},
volume = {2},
year = {2003}
}

@article{roleOrientedModeling,
author = {Depke, Ralph and Heckel, Reiko and K{\"{u}}ster, Jochen},
doi = {10.1142/S0218194001000529},
journal = {International Journal of Software Engineering and Knowledge Engineering},
pages = {281--302},
title = {{Roles in Agent-Oriented Modeling.}},
volume = {11},
year = {2001}
}

@article{swarmGap,
author = {Schwarzrock, Jana{\'{i}}na and Zacarias, Iulisloi and Bazzan, Ana and Fernandes, Ricardo and Moreira, Leonardo and de Freitas, Edison},
doi = {10.1016/j.engappai.2018.03.008},
journal = {Engineering Applications of Artificial Intelligence},
pages = {10--20},
title = {{Solving task allocation problem in multi Unmanned Aerial Vehicles systems using Swarm intelligence}},
volume = {72},
year = {2018}
}


%%%%%%%%%%%%%%%%%%%%%%%%%%%%%%%%%%%%%%%%%%%%%%%%%%%%%%%%%%%%%%%%%%%%%%%%%%%%%%%%
% 
% BOOK

@book{alberts2006understanding,
author = {Alberts, D S and Hayes, R E},
isbn = {9781893723177},
publisher = {CCRP Publications},
series = {Future of command and control},
title = {{Understanding Command and Control}},
url = {https://books.google.com.br/books?id=0czVAQAACAAJ},
year = {2006}
}

@book{modelcheckingBaier,
author = {Baier, Christel and Katoen, Joost-Pieter},
isbn = {978-0-262-02649-9},
title = {{Principles of Model Checking}},
volume = {26202649},
year = {2008}
}



%%%%%%%%%%%%%%%%%%%%%%%%%%%%%%%%%%%%%%%%%%%%%%%%%%%%%%%%%%%%%%%%%%%%%%%%%%%%%%%%
% 
% INBOOK


%%%%%%%%%%%%%%%%%%%%%%%%%%%%%%%%%%%%%%%%%%%%%%%%%%%%%%%%%%%%%%%%%%%%%%%%%%%%%%%%
% 
% INCOLLECTION

%%%%%%%%%%%%%%%%%%%%%%%%%%%%%%%%%%%%%%%%%%%%%%%%%%%%%%%%%%%%%%%%%%%%%%%%%%%%%%%%
% 
% INPROCEEDINGS


%%%%%%%%%%%%%%%%%%%%%%%%%%%%%%%%%%%%%%%%%%%%%%%%%%%%%%%%%%%%%%%%%%%%%%%%%%%%%%%%
% 
% MISC


%%%%%%%%%%%%%%%%%%%%%%%%%%%%%%%%%%%%%%%%%%%%%%%%%%%%%%%%%%%%%%%%%%%%%%%%%%%%%%%%
% 
% TECHREPORT

@techreport{france2014,
author = {Alberts, David and Bruzzone, Agostino and Baisini, Claudia and CHAN, Kevin and BALL, Douglas and DALY-HAYES, Margaret and Bar{\'{a}}th, J{\'{u}}lius and Davis, Paul and B{\'{E}}LANGER, Micheline and Dodd, Lorraine and BERNIER, Fran{\c{c}}ois and FARRELL, Philip and FREIRE, Fernando and JOGLAR, Herman and GREGG, Robert and Johansson, Bj{\"{o}}rn and Hayes, Richard and LANGS{\AE}TER, Tor and HENSHAW, Michael and SEBASTIANI, Marco},
doi = {10.13140/RG.2.2.36680.37120},
file = {:Users/junier/Downloads/NATO{\_}SAS{\_}085{\_}FINAL{\_}REPORT.pdf:pdf},
mendeley-groups = {C2},
title = {{Command and Control (C2) Agility}},
year = {2014}
}


%%%%%%%%%%%%%%%%%%%%%%%%%%%%%%%%%%%%%%%%%%%%%%%%%%%%%%%%%%%%%%%%%%%%%%%%%%%%%%%%
% 
% ONLINE

@online{repastDoc,
  author = {{REPAST}},
  title = {Repast Suite Documentation},
  year = {2019},
  note = {Dispon√≠vel em: \url{https://repast.github.io/} -- acesso em 2019/2020.}
}