@article{Thum2014,
    annote = {Defines feature-based, family-based, feature-family-based, ... strategies},
    author = {Th\"{u}m, Thomas and Apel, Sven and K\"{a}stner, Christian and Schaefer, Ina and Saake, Gunter},
    doi = {10.1145/2580950},
    file = {:home/thiago/Documents/UnB/Orienta\c{c}\~{a}o/Thum et al. 2014 - A Classification and Survey of Analysis Strategies.pdf:pdf},
    issn = {03600300},
    journal = {ACM Computing Surveys},
    keywords = {Product-line analysis,analysis,model checking,program family,software analysis,software product line,spl,static analysis,theorem proving,type checking},
    mendeley-groups = {Supervision/To Read,Supervision},
    mendeley-tags = {analysis,spl},
    month = jun,
    number = {1},
    pages = {1--45},
    publisher = {ACM},
    title = {{A Classification and Survey of Analysis Strategies for Software Product Lines}},
    url = {http://dl.acm.org/citation.cfm?id=2620784.2580950},
    volume = {47},
    year = {2014}
}


@inproceedings{Kowal2014,
    author = {Kowal, Matthias and Schaefer, Ina and Tribastone, Mirco},
    title = {Family-Based Performance Analysis of Variant-Rich Software Systems},
    booktitle = {Proceedings of the 17th International Conference on Fundamental Approaches to Software Engineering - Volume 8411},
    year = {2014},
    isbn = {978-3-642-54803-1},
    pages = {94--108},
    numpages = {15},
    url = {http://dx.doi.org/10.1007/978-3-642-54804-8_7},
    doi = {10.1007/978-3-642-54804-8_7},
    acmid = {2731765},
    publisher = {Springer-Verlag New York, Inc.},
    address = {New York, NY, USA},
}

@inproceedings{kowal_scaling_2015,
	title = {Scaling {Size} and {Parameter} {Spaces} in {Variability}-{Aware} {Software} {Performance} {Models} ({T})},
	doi = {10.1109/ASE.2015.16},
	booktitle = {2015 30th {IEEE}/{ACM} {International} {Conference} on {Automated} {Software} {Engineering} ({ASE})},
	author = {Kowal, Matthias and Tschaikowski, Max and Tribastone, Mirco and Schaefer, Ina},
	month = nov,
	year = {2015},
	keywords = {Analytical models, Computational modeling, Mathematical model, Numerical models, Software performance, Uncertainty, Unified Modeling Language},
	pages = {407--417}
}




@article{Ghezzi2013,
    author = {Ghezzi, Carlo and {Molzam Sharifloo}, Amir},
    doi = {10.1016/j.infsof.2012.07.017},
    file = {:home/thiago/Documents/UnB/Orienta\c{c}\~{a}o/papers/Filieri/ghezzi-2013-ist.pdf:pdf},
    issn = {09505849},
    journal = {Information and Software Technology},
    keywords = {Non-functional requirements,Parametric verification,Probabilistic model checking,Quality analysis,Software product lines,model checking,spl},
    mendeley-groups = {Supervision/SPL Analysis/Model Checking},
    mendeley-tags = {model checking,spl},
    month = mar,
    number = {3},
    pages = {508--524},
    publisher = {Butterworth-Heinemann},
    title = {{Model-based verification of quantitative non-functional properties for software product lines}},
    url = {http://dl.acm.org/citation.cfm?id=2432824.2433010},
    volume = {55},
    year = {2013}
}


@article{Midtgaard2015,
    author = {Midtgaard, Jan and Dimovski, Aleksandar S. and Brabrand, Claus and W\k{a}sowski, Andrzej},
    doi = {10.1016/j.scico.2015.04.005},
    file = {:home/thiago/.local/share/data/Mendeley Ltd./Mendeley Desktop/Downloaded/Midtgaard et al. - 2015 - Systematic derivation of correct variability-aware program analyses.pdf:pdf},
    issn = {01676423},
    journal = {Science of Computer Programming},
    keywords = {Abstract interpretation,Software Product Lines,Software variability,Static analysis,Verification,spl,static analysis},
    mendeley-groups = {Supervision/SPL Analysis/Static Analysis},
    mendeley-tags = {spl,static analysis},
    month = jul,
    pages = {145--170},
    title = {{Systematic derivation of correct variability-aware program analyses}},
    url = {http://www.sciencedirect.com/science/article/pii/S0167642315000714},
    volume = {105},
    year = {2015}
}


@inproceedings{Hahnle2012,
    author = {H\"{a}hnle, Reiner and Schaefer, Ina},
    title = {A Liskov Principle for Delta-oriented Programming},
    booktitle = {Proceedings of the 5th International Conference on Leveraging Applications of Formal Methods, Verification and Validation: Technologies for Mastering Change - Volume Part I},
    series = {ISoLA'12},
    year = {2012},
    isbn = {978-3-642-34025-3},
    location = {Heraklion, Crete, Greece},
    pages = {32--46},
    numpages = {15},
    url = {http://dx.doi.org/10.1007/978-3-642-34026-0_4},
    doi = {10.1007/978-3-642-34026-0_4},
    acmid = {2414041},
    publisher = {Springer-Verlag},
    address = {Berlin, Heidelberg},
}


@article{Thum2013,
    author = {Th\"{u}m, Thomas and Schaefer, Ina and Apel, Sven and Hentschel, Martin},
    doi = {10.1145/2480361.2371404},
    file = {:home/thiago/Downloads/family-based-proof-thuem.pdf:pdf},
    isbn = {978-1-4503-1129-8},
    issn = {0362-1340},
    journal = {ACM SIGPLAN Notices},
    keywords = {deductive verification,formal methods,product-line analysis,program families,proof,software product lines,spl,theorem proving},
    mendeley-groups = {Supervision/SPL Analysis/Theorem Proving},
    mendeley-tags = {formal methods,proof,spl},
    month = apr,
    number = {3},
    pages = {11--11--20--20},
    publisher = {ACM},
    title = {{Family-based deductive verification of software product lines}},
    url = {http://dl.acm.org/citation.cfm?id=2480361.2371404},
    volume = {48},
    year = {2013}
}


@article{Liu2010,
    author = {Liu, Jing and Basu, Samik and Lutz, Robyn R.},
    doi = {10.1007/s10515-010-0075-7},
    file = {:home/thiago/Downloads/ause11.pdf:pdf},
    issn = {0928-8910},
    journal = {Automated Software Engineering},
    keywords = {Compositional model checking,Feature,Software product lines,Variation point,model checking,spl,theorem proof},
    mendeley-groups = {Supervision/To Read},
    mendeley-tags = {model checking,spl,theorem proof},
    month = dec,
    number = {1},
    pages = {39--76},
    publisher = {Kluwer Academic Publishers},
    title = {{Compositional model checking of software product lines using variation point obligations}},
    url = {http://dl.acm.org/citation.cfm?id=1924082.1924095},
    volume = {18},
    year = {2010}
}


@article{Li2005,
    author = {Li, Harry C. and Krishnamurthi, Shriram and Fisler, Kathi},
    doi = {10.1007/s10515-005-2643-9},
    file = {:home/thiago/.local/share/data/Mendeley Ltd./Mendeley Desktop/Downloaded/Li, Krishnamurthi, Fisler - 2005 - Modular Verification of Open Features Using Three-Valued Model Checking(2).pdf:pdf},
    issn = {0928-8910},
    journal = {Automated Software Engineering},
    keywords = {cross-cutting concerns in software,feature-oriented programming,model checking,model-checking,modular verification,spl},
    mendeley-groups = {Supervision/To Read,Supervision,SPL - To read},
    mendeley-tags = {model-checking,spl},
    month = jul,
    number = {3},
    pages = {349--382},
    publisher = {Kluwer Academic Publishers},
    title = {{Modular Verification of Open Features Using Three-Valued Model Checking}},
    url = {http://dl.acm.org/citation.cfm?id=1072926.1072956},
    volume = {12},
    year = {2005}
}


@inproceedings{Schaefer2010,
    author = {Schaefer, Ina and Bettini, Lorenzo and Damiani, Ferruccio and Tanzarella, Nico},
    title = {Delta-oriented Programming of Software Product Lines},
    booktitle = {Proceedings of the 14th International Conference on Software Product Lines: Going Beyond},
    series = {SPLC'10},
    year = {2010},
    isbn = {3-642-15578-2, 978-3-642-15578-9},
    location = {Jeju Island, South Korea},
    pages = {77--91},
    numpages = {15},
    url = {http://dl.acm.org/citation.cfm?id=1885639.1885647},
    acmid = {1885647},
    publisher = {Springer-Verlag},
    address = {Berlin, Heidelberg},
}


@inproceedings{Teixeira2015,
    address = {New York, New York, USA},
    author = {Teixeira, Leopoldo and Alves, Vander and Borba, Paulo and Gheyi, Rohit},
    booktitle = {Proceedings of the 19th International Conference on Software Product Line - SPLC '15},
    doi = {10.1145/2791060.2791105},
    file = {:home/thiago/Documents/UnB/Orienta\c{c}\~{a}o/Trabalho Individual/Resources/paper leopoldo splc15.pdf:pdf},
    isbn = {9781450336130},
    keywords = {formal methods,pvs,refinement,safe evolution,spl},
    mendeley-groups = {Supervision},
    mendeley-tags = {formal methods,pvs,refinement,safe evolution,spl},
    month = jul,
    pages = {161--170},
    publisher = {ACM Press},
    title = {{A product line of theories for reasoning about safe evolution of product lines}},
    url = {http://dl.acm.org/citation.cfm?id=2791060.2791105},
    year = {2015}
}


@MANUAL{PVS:language,
  TITLE = {PVS Language Reference},
  AUTHOR = {S. Owre and N. Shankar and J. M. Rushby and D. W. J.
        Stringer-Calvert},
  MONTH = NOV,
  YEAR = 2001,
  VERSION = {Version 2.4},
  ORGANIZATION = {Computer Science Laboratory, SRI International},
  ADDRESS = {Menlo Park, CA}
}


@MISC{JML,
    author = {Gary T. Leavens and Yoonsik Cheon},
    title = { Design by Contract with JML},
    year = {2006},
    howpublished = {Available at: http://www.jmlspecs.org},
    url = {http://www.jmlspecs.org}
}


@inproceedings{VanGurp2001,
    annote = {Defines variability and how it is handled by SPLE.},
    author = {van Gurp, J. and Bosch, J. and Svahnberg, M.},
    booktitle = {Proceedings Working IEEE/IFIP Conference on Software Architecture},
    doi = {10.1109/WICSA.2001.948406},
    file = {:home/thiago/Documents/UnB/LPS/artigos/4\_Gurp\_Variability.pdf:pdf},
    isbn = {0-7695-1360-3},
    keywords = {foundations,spl,variability},
    mendeley-groups = {Supervision/SPL/Concepts},
    mendeley-tags = {foundations,spl,variability},
    month = aug,
    pages = {45--54},
    publisher = {IEEE Comput. Soc},
    title = {{On the notion of variability in software product lines}},
    url = {http://dl.acm.org/citation.cfm?id=832312.837401},
    year = {2001}
}


@inproceedings{ThumProofComposition,
    author = {Th\"{u}m, Thomas and Schaefer, Ina and Kuhlemann, Martin and Apel, Sven},
    booktitle = {2011 IEEE Fourth International Conference on Software Testing, Verification and Validation Workshops},
    doi = {10.1109/ICSTW.2011.48},
    file = {:home/thiago/Downloads/proof-composition-thuem.pdf:pdf},
    isbn = {978-1-4577-0019-4},
    keywords = {Conferences,Contracts,JML,Java,Manuals,Programming,Software,Software product lines,Transforms,correctness proof,deductive verification,feature-oriented programming,featurebased verification,formal methods,formal verification,program variant quality,proof,proof composition,proof composition approach,software product line engineering,software product line verification,software quality,spl},
    language = {English},
    mendeley-groups = {Supervision/To Read,Supervision/SPL/Analysis/Theorem Proving},
    mendeley-tags = {formal methods,proof,spl},
    month = mar,
    pages = {270--277},
    publisher = {IEEE},
    title = {{Proof Composition for Deductive Verification of Software Product Lines}},
    url = {http://ieeexplore.ieee.org/articleDetails.jsp?arnumber=5954419},
    year = {2011}
}


@article{MeyerDbC,
    author = {Meyer, Bertrand},
    title = {Applying "Design by Contract"},
    journal = {Computer},
    issue_date = {October 1992},
    volume = {25},
    number = {10},
    month = oct,
    year = {1992},
    issn = {0018-9162},
    pages = {40--51},
    numpages = {12},
    url = {http://dx.doi.org/10.1109/2.161279},
    doi = {10.1109/2.161279},
    acmid = {619797},
    publisher = {IEEE Computer Society Press},
    address = {Los Alamitos, CA, USA},
}


@inproceedings{Krueger2001,
    author = {Krueger, Charles W.},
    title = {Easing the Transition to Software Mass Customization},
    booktitle = {Revised Papers from the 4th International Workshop on Software Product-Family Engineering},
    series = {PFE '01},
    year = {2002},
    isbn = {3-540-43659-6},
    pages = {282--293},
    numpages = {12},
    url = {http://dl.acm.org/citation.cfm?id=648114.748909},
    acmid = {748909},
    publisher = {Springer-Verlag},
    address = {London, UK, UK},
}


@inproceedings{ApelSimulator,
    address = {Piscataway, NJ, USA},
    author = {Apel, Sven and {Von Rhein}, Alexander and Wendler, Philipp and Groslinger, Armin and Beyer, Dirk},
    booktitle = {Proceedings - International Conference on Software Engineering},
    doi = {10.1109/ICSE.2013.6606594},
    file = {:home/thiago/.local/share/data/Mendeley Ltd./Mendeley Desktop/Downloaded/E6X6TZNM/Apel et al. - 2013 - Strategies for Product-line Verification Case Stu.pdf:pdf},
    isbn = {9781467330763},
    issn = {02705257},
    mendeley-groups = {Zotero - Zotero Library},
    pages = {482--491},
    publisher = {IEEE Press},
    series = {ICSE '13},
    shorttitle = {Strategies for Product-line Verification},
    title = {{Strategies for product-line verification: Case studies and experiments}},
    url = {http://dl.acm.org/citation.cfm?id=2486788.2486852 http://dl.acm.org/ft\_gateway.cfm?id=2486852\&type=pdf},
    year = {2013}
}


@incollection{Alves2007,
    year={2007},
    isbn={978-3-540-77041-1},
    booktitle={Transactions on Aspect-Oriented Software Development IV},
    volume={4640},
    series={Lecture Notes in Computer Science},
    editor={Rashid, Awais and Aksit, Mehmet},
    doi={10.1007/978-3-540-77042-8_5},
    title={Extracting and Evolving Code in Product Lines with Aspect-Oriented Programming},
    url={http://dx.doi.org/10.1007/978-3-540-77042-8_5},
    publisher={Springer Berlin Heidelberg},
    author={Alves, Vander and Matos, Pedro, Jr. and Cole, Leonardo and Vasconcelos, Alexandre and Borba, Paulo and Ramalho, Geber},
    pages={117-142},
    language={English}
}


@book{ClementsSPL2001,
    title = {Software Product Lines: Practices and Patterns},
    author={Paul Clements and Linda Northrop},
    year={2001},
    publisher={Addison-Wesley Professional},
}


@book{FOSPL,
    author = {Apel, Sven and Batory, Don and Kstner, Christian and Saake, Gunter},
    title = {Feature-Oriented Software Product Lines: Concepts and Implementation},
    year = {2013},
    isbn = {3642375200, 9783642375200},
    publisher = {Springer Publishing Company, Incorporated},
}


@book{CzarneckiGP2000,
    author = {Czarnecki, Krzysztof and Eisenecker, Ulrich W.},
    title = {Generative Programming: Methods, Tools, and Applications},
    year = {2000},
    isbn = {0-201-30977-7},
    publisher = {ACM Press/Addison-Wesley Publishing Co.},
    address = {New York, NY, USA},
}


@inproceedings{Passos2013,
    author = {Passos, Leonardo and Guo, Jianmei and Teixeira, Leopoldo and Czarnecki, Krzysztof and W\k{a}sowski, Andrzej and Borba, Paulo},
    title = {Coevolution of Variability Models and Related Artifacts: A Case Study from the Linux Kernel},
    booktitle = {Proceedings of the 17th International Software Product Line Conference},
    series = {SPLC '13},
    year = {2013},
    isbn = {978-1-4503-1968-3},
    location = {Tokyo, Japan},
    pages = {91--100},
    numpages = {10},
    url = {http://doi.acm.org/10.1145/2491627.2491628},
    doi = {10.1145/2491627.2491628},
    acmid = {2491628},
    publisher = {ACM},
    address = {New York, NY, USA},
    keywords = {Linux, catalog, evolution, patterns, variability},
}


@inproceedings{KiczalesAOP1997,
    author    = {Gregor Kiczales and
                 John Lamping and
                 Anurag Mendhekar and
                 Chris Maeda and
                 Cristina Videira Lopes and
                 Jean{-}Marc Loingtier and
                 John Irwin},
    title     = {Aspect-Oriented Programming},
    booktitle = {{ECOOP}},
    pages     = {220--242},
    year      = {1997},
    url       = {http://dx.doi.org/10.1007/BFb0053381},
    doi       = {10.1007/BFb0053381},
    timestamp = {Wed, 15 Jun 2011 15:41:02 +0200},
    biburl    = {http://dblp.uni-trier.de/rec/bib/conf/ecoop/KiczalesLMMLLI97},
    bibsource = {dblp computer science bibliography, http://dblp.org}
}


@article{BatoryAHEAD,
    annote = {Artigo que apresenta o AHEAD.},
    author = {Batory, D. and Sarvela, J.N. and Rauschmayer, A.},
    doi = {10.1109/TSE.2004.23},
    file = {:home/thiago/.local/share/data/Mendeley Ltd./Mendeley Desktop/Downloaded/Batory, Sarvela, Rauschmayer - 2004 - Scaling step-wise refinement.pdf:pdf},
    issn = {0098-5589},
    journal = {IEEE Transactions on Software Engineering},
    keywords = {65,AHEAD,Specification,data abstraction,design concepts,design notations and documentation,extensible languages,feature-oriented programming,methodologies,program synthesis,refinement.,representation,spl},
    mendeley-groups = {Supervision/To Read,SPL - To read},
    mendeley-tags = {AHEAD,spl},
    month = jun,
    number = {6},
    pages = {355--371},
    publisher = {IEEE Press},
    title = {{Scaling step-wise refinement}},
    url = {http://dl.acm.org/citation.cfm?id=998488.998620},
    volume = {30},
    year = {2004}
}


@inproceedings{PrehoferFOP,
    author    = {Christian Prehofer},
    title     = {Feature-Oriented Programming: {A} Fresh Look at Objects},
    booktitle = {{ECOOP}},
    pages     = {419--443},
    year      = {1997},
    url       = {http://dx.doi.org/10.1007/BFb0053389},
    doi       = {10.1007/BFb0053389},
    timestamp = {Wed, 15 Jun 2011 15:41:02 +0200},
    biburl    = {http://dblp.uni-trier.de/rec/bib/conf/ecoop/Prehofer97},
    bibsource = {dblp computer science bibliography, http://dblp.org}
}


@article{SPLTestSurvey,
    author = {{da Mota Silveira Neto}, Paulo Anselmo and do {Carmo Machado}, Ivan and McGregor, John D. and de Almeida, Eduardo Santana and {de Lemos Meira}, Silvio Romero},
    doi = {10.1016/j.infsof.2010.12.003},
    file = {:home/thiago/Downloads/spl-testing-syst-mapping.pdf:pdf},
    issn = {09505849},
    journal = {Information and Software Technology},
    keywords = {Mapping study,Software product lines,Software testing,spl,systematic mapping,testing},
    mendeley-groups = {Supervision/SPL/Analysis/Testing},
    mendeley-tags = {spl,systematic mapping,testing},
    month = may,
    number = {5},
    pages = {407--423},
    title = {{A systematic mapping study of software product lines testing}},
    url = {http://www.sciencedirect.com/science/article/pii/S0950584910002193},
    volume = {53},
    year = {2011}
}


@book{PiercePL,
    author = {Pierce, Benjamin C.},
    title = {Types and Programming Languages},
    year = {2002},
    isbn = {0-262-16209-1},
    publisher = {MIT Press},
    address = {Cambridge, MA, USA},
}


@book{BaierPMC,
    author = {Baier, Christel and Katoen, Joost-Pieter},
    title = {Principles of Model Checking (Representation and Mind Series)},
    year = {2008},
    isbn = {026202649X, 9780262026499},
    publisher = {The MIT Press},
}


@article{BorbaPLRefinement,
    author = {Borba, Paulo and Teixeira, Leopoldo and Gheyi, Rohit},
    doi = {10.1016/j.tcs.2012.01.031},
    file = {:home/thiago/Downloads/rohit-ictac10.pdf:pdf},
    issn = {03043975},
    journal = {Theoretical Computer Science},
    keywords = {formal methods,spl,spl refinement},
    mendeley-tags = {formal methods,spl,spl refinement},
    month = oct,
    pages = {2--30},
    title = {{A theory of software product line refinement}},
    url = {http://www.researchgate.net/publication/233904721\_A\_Theory\_of\_Software\_Product\_Line\_Refinement},
    volume = {455},
    year = {2012}
}


@inproceedings{PLAModel,
    address = {New York, New York, USA},
    author = {von Rhein, Alexander and Apel, Sven and K\"{a}stner, Christian and Th\"{u}m, Thomas and Schaefer, Ina},
    booktitle = {Proceedings of the Seventh International Workshop on Variability Modelling of Software-intensive Systems - VaMoS '13},
    doi = {10.1145/2430502.2430522},
    file = {:home/thiago/Documents/UnB/Orienta\c{c}\~{a}o/papers/SPL/vamos2013/vamos2013\_thuem.pdf:pdf},
    isbn = {9781450315418},
    keywords = {PLA model,analysis,product-line analysis,software product lines,spl},
    mendeley-groups = {Supervision},
    mendeley-tags = {analysis,spl},
    month = jan,
    pages = {1},
    publisher = {ACM Press},
    title = {{The PLA model}},
    url = {http://dl.acm.org/citation.cfm?id=2430502.2430522},
    year = {2013}
}


@inproceedings{DOPTransformational,
    annote = {Classifies DOP as a transformational approach.},
    author = {Haber, Arne and Rendel, Holger and Rumpe, Bernhard and Schaefer, Ina},
    booktitle = {MBEES},
    file = {:home/thiago/Downloads/Delta-Modeling-for-Software-Architectures.pdf:pdf},
    keywords = {dop,spl},
    mendeley-groups = {Supervision/SPL/Implementation},
    mendeley-tags = {dop,spl},
    pages = {1--10},
    title = {{Delta Modeling for Software Architectures.}},
    url = {http://dblp.uni-trier.de/db/conf/mbees/mbees2011.html\#HaberRRS11},
    year = {2011}
}


@inproceedings{DOPGeneration,
    address = {New York, New York, USA},
    annote = {Automated generation of delta-languages.},
    author = {Haber, Arne and H\"{o}lldobler, Katrin and Kolassa, Carsten and Look, Markus and Rumpe, Bernhard and M\"{u}ller, Klaus and Schaefer, Ina},
    booktitle = {Proceedings of the 17th International Software Product Line Conference on - SPLC '13},
    doi = {10.1145/2491627.2491632},
    file = {:home/thiago/Downloads/Engineering Delta Modeling Languages.pdf:pdf},
    isbn = {9781450319683},
    keywords = {dop,spl},
    mendeley-groups = {Supervision/SPL/Implementation},
    mendeley-tags = {dop,spl},
    pages = {22},
    publisher = {ACM Press},
    title = {{Engineering delta modeling languages}},
    url = {http://dblp.uni-trier.de/db/conf/splc/splc2013.html\#HaberHKLRMS13},
    year = {2013}
}

@book{PohlSPLE,
    author = {Pohl, Klaus and B\"{o}ckle, G\"{u}nter and Linden, Frank J. van der},
    title = {Software Product Line Engineering: Foundations, Principles and Techniques},
    year = {2005},
    isbn = {3540243720},
    publisher = {Springer-Verlag New York, Inc.},
    address = {Secaucus, NJ, USA},
}


@inproceedings{HephaestusPL,
    author = {Turnes, Lucineia and Bonif\'{a}cio, Rodrigo and Alves, Vander and Lammel, Ralf},
    booktitle = {2011 Fifth Brazilian Symposium on Software Components, Architectures and Reuse},
    doi = {10.1109/SBCARS.2011.13},
    file = {:home/thiago/Downloads/Techniques for Developing a PL of PL Tools.pdf:pdf},
    isbn = {978-0-7695-4626-1},
    keywords = {Application Engineering,Business,Context,Data models,Educational institutions,Hephaestus,Measurement,SPL Hephaestus tool,SPL tool,Software,Software Product Lines,Variability Management Techniques,XML,application engineering,hephaestus,product line developing techniques,software product lines,software tools,spl,systematic guidance,transformational,variability management techniques},
    mendeley-groups = {Supervision/SPL/Tools},
    mendeley-tags = {hephaestus,spl,transformational},
    month = sep,
    pages = {11--20},
    publisher = {IEEE},
    shorttitle = {Software Components, Architectures and Reuse (SBCA)},
    title = {{Techniques for Developing a Product Line of Product Line Tools: A Comparative Study}},
    url = {http://ieeexplore.ieee.org/lpdocs/epic03/wrapper.htm?arnumber=6114562},
    year = {2011}
}
